<record><leader>00000cas a2200000 i 4500</leader><controlfield tag="001">8525579</controlfield><controlfield tag="008">820617c19569999iluer ne      0   c0ukr c</controlfield><datafield ind1=" " ind2=" " tag="010"><subfield code="a">sn 82004671 </subfield></datafield><datafield ind1=" " ind2=" " tag="040"><subfield code="a">NSD</subfield><subfield code="b">eng</subfield><subfield code="e">rda</subfield><subfield code="c">NSD</subfield><subfield code="d">DLC</subfield><subfield code="d">OCL</subfield><subfield code="d">OCLCQ</subfield><subfield code="d">UKMGB</subfield><subfield code="d">OCLCQ</subfield><subfield code="d">NDD</subfield><subfield code="d">OCLCQ</subfield></datafield><datafield ind1=" " ind2=" " tag="066"><subfield code="c">(N</subfield><subfield code="c">(Q</subfield></datafield><datafield ind1=" " ind2=" " tag="012"><subfield code="l">a</subfield><subfield code="m">d</subfield></datafield><datafield ind1="7" ind2=" " tag="016"><subfield code="a">013942379</subfield><subfield code="2">Uk</subfield></datafield><datafield ind1="1" ind2=" " tag="022"><subfield code="a">0744-6543</subfield><subfield code="l">0744-6543</subfield><subfield code="2">1</subfield></datafield><datafield ind1=" " ind2=" " tag="037"><subfield code="b">Ukrainian Life, Inc., 2348 Cortez St., Chicago, Ill. 60622</subfield></datafield><datafield ind1=" " ind2=" " tag="042"><subfield code="a">pcc</subfield></datafield><datafield ind1="0" ind2=" " tag="130"><subfield code="a">Ukrai&#776;ns&#697;ke z&#65056;h&#65057;ytti&#65056;a&#65057; (Chicago, IL)</subfield></datafield><datafield ind1="0" ind2="0" tag="245"><subfield code="6">880-01</subfield><subfield code="a">Ukrai&#776;ns&#697;ke z&#65056;h&#65057;ytti&#65056;a&#65057;.</subfield></datafield><datafield ind1="1" ind2="1" tag="246"><subfield code="a">Ukrainian life</subfield></datafield><datafield ind1="3" ind2=" " tag="246"><subfield code="a">Ukrainian life in Chicago</subfield></datafield><datafield ind1=" " ind2="2" tag="264"><subfield code="a">Chicago, Ill. :</subfield><subfield code="b">Ukrainian Teachers Association,</subfield><subfield code="c">1956-</subfield></datafield><datafield ind1="3" ind2="2" tag="264"><subfield code="a">Chicago, Ill. :</subfield><subfield code="b">Ukrainian Life, Inc.</subfield></datafield><datafield ind1=" " ind2=" " tag="300"><subfield code="b">illustrations ;</subfield><subfield code="c">41-54 cm</subfield></datafield><datafield ind1=" " ind2=" " tag="310"><subfield code="a">Biweekly</subfield></datafield><datafield ind1=" " ind2=" " tag="336"><subfield code="a">text</subfield><subfield code="b">txt</subfield><subfield code="2">rdacontent</subfield></datafield><datafield ind1=" " ind2=" " tag="337"><subfield code="a">unmediated</subfield><subfield code="b">n</subfield><subfield code="2">rdamedia</subfield></datafield><datafield ind1=" " ind2=" " tag="338"><subfield code="a">volume</subfield><subfield code="b">nc</subfield><subfield code="2">rdacarrier</subfield></datafield><datafield ind1="0" ind2="0" tag="880"><subfield code="6">245-01/(N</subfield><subfield code="a">&#1059;&#1082;&#1088;&#1072;&#1111;&#1085;&#1089;&#1100;&#1082;&#1077; &#1046;&#1080;&#1090;&#1090;&#1103;.</subfield></datafield><datafield ind1=" " ind2=" " tag="880"><subfield code="6">588-00/(N</subfield><subfield code="a">Description based on: PIK I. &#1063;. I (6. &#1058;&#1056;&#1040;&#1042;&#1053;&#1071; 1956); title from masthead.</subfield></datafield><datafield ind1=" " ind2=" " tag="880"><subfield code="6">588-00/(N</subfield><subfield code="a">Latest issue consulted: PIK XIX. &#1063;. 20 (663) (9-&#1075;&#1086; &#1075;&#1088;&#1091;&#1076;&#1085;&#1103; 1973) - vol. XIX. no. 20 (663). (December 9, 1973).</subfield></datafield></record>